@article{Paper01,
  author = {合田 翔 and 渡辺 峻 and 松本 和幸 and 吉田 稔 and 北 研二},
  title = {コスト付き符号化を用いたステガノグラフィ},
  journal = {信学技法IT},
  year = {2013},
  month = {7},
  volume = {113},
  number = {153},
  pages = {5--9},
}

@article{Paper02,
  author = {J.P.M.Shalkwijk},
  title = {An Algorithm for Source Coding},
  journal = {IEEE TRANSACTIONS ON INFORMATION THEORY},
  year = {1972},
  month = {May},
  volume = {IT-18},
  number = {3},
  pages = {395--399},
}

@article{Paper03,
  author = {Z.Wang and A.C.Bovik and H.R.Sheikh and E.P.Simoncelli},
  title = {Image Quality Assessment: From Error Visibility to Structural Similarity},
  journal = {IEEE TRANSACTIONS ON IMAGE PROCESSING},
  year = {2004},
  month = {April},
  volume = {13},
  number = {4},
  pages = {600--612},
}